@article{pai2019differential,
  title={Differential methylation of enhancer at IGF2 is associated with abnormal dopamine synthesis in major psychosis},
  author={Pai, Shraddha and Li, Peipei and Killinger, Bryan and Marshall, Lee and Jia, Peixin and Liao, Ji and Petronis, Arturas and Szab{\'o}, Piroska E and Labrie, Viviane},
  journal={Nature communications},
  volume={10},
  number={1},
  pages={1--12},
  year={2019},
  publisher={Nature Publishing Group}
},

@online{imatsentrix,
  title={SentrixÂ® BeadChip and BeadArray Technology (Illumina, Inc.) | Innovative Molecular Analysis Technologies (IMAT)},
  author={National Cancer Institute at the National Institutes of Health},
  url={https://imat.cancer.gov/about-imat/outputs-and-achievements/individual-technologies-and-platforms/sentrix%C2%AE-beadchip-and},
  lastvisited={2022-03-18}
}