@article{pai2019differential,
  title={Differential methylation of enhancer at IGF2 is associated with abnormal dopamine synthesis in major psychosis},
  author={Pai, Shraddha and Li, Peipei and Killinger, Bryan and Marshall, Lee and Jia, Peixin and Liao, Ji and Petronis, Arturas and Szab{\'o}, Piroska E and Labrie, Viviane},
  journal={Nature communications},
  volume={10},
  number={1},
  pages={1--12},
  year={2019},
  publisher={Nature Publishing Group}
},

@online{imatsentrix,
  title={SentrixÂ® BeadChip and BeadArray Technology (Illumina, Inc.) | Innovative Molecular Analysis Technologies (IMAT)},
  author={National Cancer Institute at the National Institutes of Health},
  url={https://imat.cancer.gov/about-imat/outputs-and-achievements/individual-technologies-and-platforms/sentrix%C2%AE-beadchip-and},
  lastvisited={2022-03-18}
}

@article{fortin485512analysis,
  title={Analysis of 450k data using minfi},
  author={Fortin, Jean-Philippe and Hansen, Kasper Daniel},
  journal={dim},
  volume={485512},
  pages={6}
}

@article{horvath_dna_2018,
	title = {{DNA} methylation-based biomarkers and the epigenetic clock theory of ageing},
	volume = {19},
	issn = {1471-0056, 1471-0064},
	url = {http://www.nature.com/articles/s41576-018-0004-3},
	doi = {10.1038/s41576-018-0004-3},
	language = {en},
	number = {6},
	urldate = {2022-04-30},
	journal = {Nature Reviews Genetics},
	author = {Horvath, Steve and Raj, Kenneth},
	month = jun,
	year = {2018},
	pages = {371--384},
}

@article{alfonso2020bayesian,
  title={Bayesian neural networks for the optimisation of biological clocks in humans},
  author={Alfonso, G and Gonzalez, Juan R},
  journal={bioRxiv},
  year={2020},
  publisher={Cold Spring Harbor Laboratory}
}

@article{pelegi2021methylclock,
  title={methylclock: a Bioconductor package to estimate DNA methylation age},
  author={Peleg{\'\i}-Sis{\'o}, Dolors and de Prado, Paula and Ronkainen, Justiina and Bustamante, Mariona and Gonz{\'a}lez, Juan R},
  journal={Bioinformatics},
  volume={37},
  number={12},
  pages={1759--1760},
  year={2021},
  publisher={Oxford Academic}
}

@article{inoue2022role,
  title={The Role of ATP Receptors in Pain Signaling},
  author={Inoue, Kazuhide},
  journal={Neurochemical Research},
  pages={1--15},
  year={2022},
  publisher={Springer}
}

@article{li2019role,
  title={Role of descending dopaminergic pathways in pain modulation},
  author={Li, Changsheng and Liu, Sufang and Lu, Xihua and Tao, Feng},
  journal={Current Neuropharmacology},
  volume={17},
  number={12},
  pages={1176--1182},
  year={2019},
  publisher={Bentham Science Publishers}
}

@article{engels2014clinical,
  title={Clinical pain in schizophrenia: a systematic review},
  author={Engels, Gwenda and Francke, Anneke L and van Meijel, Berno and Douma, Johanna G and de Kam, Heidi and Wesselink, Wubbien and Houtjes, Wim and Scherder, Erik JA},
  journal={The Journal of Pain},
  volume={15},
  number={5},
  pages={457--467},
  year={2014},
  publisher={Elsevier}
}

@article{stubbs2015prevalence,
  title={The prevalence of pain in bipolar disorder: a systematic review and large-scale meta-analysis},
  author={Stubbs, Brendon and Eggermont, Laura and Mitchell, AJ and De Hert, Marc and Correll, CU and Soundy, A and Rosenbaum, S and Vancampfort, Davy},
  journal={Acta Psychiatrica Scandinavica},
  volume={131},
  number={2},
  pages={75--88},
  year={2015},
  publisher={Wiley Online Library}
}

@article{neve2004dopamine,
  title={Dopamine receptor signaling},
  author={Neve, Kim A and Seamans, Jeremy K and Trantham-Davidson, Heather},
  journal={Journal of receptors and signal transduction},
  volume={24},
  number={3},
  pages={165--205},
  year={2004},
  publisher={Taylor \& Francis}
}